@misc{centola,
      title={Complex Contagions and the Weakness of Long Ties}, 
      author={Damon Centola and Michael Macy},
      year={2007},
      journal={American Journal of Sociology},
      volume    = {113 No. 3},
}

@misc{chenEfficient,
      title={Efficient Influence Maximization in Social Networks}, 
      author={Wei Chen and Yajun Wang and Siyu Yang},
      year={2009},
      journal={15th ACM SIGKDD International Conference on Knowledge Discovery and Data Mining},
      volume    = {113 No. 3},
}
@misc{granovetter,
      title={Threshold Models for Collectvie Behavior}, 
      author={Mark Granovetter},
      year={1978},
      journal={American Journal of Sociology},
      url={http://www.sscnet.ucla.edu/polisci/faculty/chwe/ps269/granovetter.pdf}
}
@inproceedings{kempe,
author = {Kempe, David and Kleinberg, Jon and Tardos, \'{E}va},
title = {Maximizing the Spread of Influence through a Social Network},
year = {2003},
isbn = {1581137370},
publisher = {Association for Computing Machinery},
address = {New York, NY, USA},
url = {https://doi.org/10.1145/956750.956769},
doi = {10.1145/956750.956769},
booktitle = {Proceedings of the Ninth ACM SIGKDD International Conference on Knowledge Discovery and Data Mining},
pages = {137–146},
numpages = {10},
keywords = {social networks, diffusion of innovations, approximation algorithms, viral marketing},
location = {Washington, D.C.},
series = {KDD '03}
}
@misc{cascading,
      title={Cascading Behavior in Networks: Algorithmic and Economic Issues}, 
      author={Jon Kleinberg},
      url={https://www.cs.cornell.edu/home/kleinber/agtbook-ch24.pdf}
}
@article{macyChains,
 ISSN = {00031224},
 URL = {http://www.jstor.org/stable/2096252},
 author = {Michael W. Macy},
 journal = {American Sociological Review},
 number = {6},
 pages = {730--747},
 publisher = {[American Sociological Association, Sage Publications, Inc.]},
 title = {Chains of Cooperation: Threshold Effects in Collective Action},
 volume = {56},
 year = {1991}
}
@inproceedings{immorlica,
author = {Immorlica, Nicole and Kleinberg, Jon and Mahdian, Mohammad and Wexler, Tom},
title = {The Role of Compatibility in the Diffusion of Technologies through Social Networks},
year = {2007},
isbn = {9781595936530},
publisher = {Association for Computing Machinery},
address = {New York, NY, USA},
url = {https://doi.org/10.1145/1250910.1250923},
doi = {10.1145/1250910.1250923},
booktitle = {Proceedings of the 8th ACM Conference on Electronic Commerce},
pages = {75–83},
numpages = {9},
keywords = {contagion on networks, diffusion of innovations, algorithmic game theory},
location = {San Diego, California, USA},
series = {EC '07}
}

@book{networks-crowds-markets,
  title     = "Networks, Crowds, and Markets: Reasoning about a Highly Connected World: 19 1. Diffusion",
  author    = "David Easley and Jon Kleinberg",
  year      = 2010,
  publisher = "Bantam",
  address   = "London"
}

@article{salehi,
  author    = {Mostafa Salehi and
               Rajesh Sharma and
               Moreno Marzolla and
               Danilo Montesi and
               Payam Siyari and
               Matteo Magnani},
  title     = {Diffusion Processes on Multilayer Networks},
  journal   = {CoRR},
  volume    = {abs/1405.4329},
  year      = {2014},
  url       = {http://arxiv.org/abs/1405.4329},
  eprinttype = {arXiv},
  eprint    = {1405.4329},
  timestamp = {Mon, 13 Aug 2018 16:48:13 +0200},
  biburl    = {https://dblp.org/rec/journals/corr/SalehiSMMSM14.bib},
  bibsource = {dblp computer science bibliography, https://dblp.org}
}

Sun, Haiqi, Reynold Cheng, Xiaokui Xiao, Jing Yan, Yudian Zheng, and Yuqiu Qian. 2018. “Maximizing Social Influence for the Awareness Threshold Model.” In Database Systems for Advanced Applications, 491–510. Lecture Notes in Computer Science. Cham: Springer International Publishing.

Michael W. Macy, Anna Evtushenko. n.d. “Threshold Models of Collective Behavior II: The Predictability Paradox and Spontaneous Instigation.”